@misc{ vid:book,
    author = "Suyash Agrawal",
    title = "Shaky Book Video",
    year = "2017",
    url = "https://www.youtube.com/watch?v=LPCxLrywxxs",
    note = "[Online; accessed 25-November-2017]"
  }
@misc{ vid:cone,
    author = "Suyash Agrawal",
    title = "Shaky Cone Video",
    year = "2017",
    url = "https://www.youtube.com/watch?v=uVIoL-sEGbY",
    note = "[Online; accessed 25-November-2017]"
  }

@article{baker:2004,
 author = {Baker, Simon and Matthews, Iain},
 title = {Lucas-Kanade 20 Years On: A Unifying Framework},
 journal = {Int. J. Comput. Vision},
 issue_date = {February-March 2004},
 volume = {56},
 number = {3},
 month = feb,
 year = {2004},
 issn = {0920-5691},
 pages = {221--255},
 numpages = {35},
 url = {https://doi.org/10.1023/B:VISI.0000011205.11775.fd},
 doi = {10.1023/B:VISI.0000011205.11775.fd},
 acmid = {964604},
 publisher = {Kluwer Academic Publishers},
 address = {Hingham, MA, USA},
 keywords = {Gauss-Newton, Levenberg-Marquardt, Lucas-Kanade, Newton, a unifying framework, additive vs. compositional algorithms, efficiency, forwards vs. inverse algorithms, image alignment, steepest descent, the inverse compositional algorithm},
} 